<record xmlns="http://www.loc.gov/MARC21/slim" xmlns:xsi="http://www.w3.org/2001/XMLSchema-instance" xsi:schemaLocation="http://www.loc.gov/MARC21/slim http://www.loc.gov/standards/marcxml/schema/MARC21slim.xsd"><leader>     nam a22        4500</leader><controlfield tag="001">3074010</controlfield><controlfield tag="003">NNC</controlfield><controlfield tag="006">m        d        </controlfield><controlfield tag="007">cr cn |||m|||a</controlfield><controlfield tag="008">150313s1894    ua      o     000 0 araod</controlfield><datafield ind1=" " ind2=" " tag="040"><subfield code="a">NNU</subfield><subfield code="b">eng</subfield><subfield code="e">rda</subfield><subfield code="c">NNU</subfield></datafield><datafield ind1="1" ind2=" " tag="050"><subfield code="a">PJ7510</subfield><subfield code="b">.I24 1894</subfield></datafield><datafield ind1="1" ind2=" " tag="100"><subfield code="6">880-01</subfield><subfield code="a">Ibn al-Athi&#772;r, D&#803;iya&#772;&#700; al-Di&#772;n Nas&#803;r Alla&#772;h ibn Muh&#803;ammad,</subfield><subfield code="d">1163-1239.</subfield></datafield><datafield ind1="1" ind2="3" tag="245"><subfield code="6">880-02</subfield><subfield code="a">al-Mathal al-sa&#772;&#700;ir fi&#772; adab al-ka&#772;tib wa-al-sha&#772;&#699;ir /</subfield><subfield code="c">li-D&#803;iya&#772;&#700; al-Di&#772;n Abi&#772; al-Fath&#803; Nas&#803;r Alla&#772;h ibn Muh&#803;ammad ibn Muh&#803;ammad ibn &#699;Abd al-Kari&#772;m al-Maws&#803;ili&#772; ; wa-bi-ha&#772;mishihi kita&#772;b Adab al-ka&#772;tib, ta&#700;li&#772;f Abi&#772; Muh&#803;ammad &#699;Abd Alla&#772;h ibn Muslim ibn Qutaybah al-Di&#772;nawari&#772;.</subfield></datafield><datafield ind1=" " ind2=" " tag="260"><subfield code="6">880-03</subfield><subfield code="a">[Cairo] :</subfield><subfield code="b">al-Mat&#803;ba&#699;ah al-Bahi&#772;yah,</subfield><subfield code="c">1312 [1894]</subfield></datafield><datafield ind1=" " ind2=" " tag="300"><subfield code="a">online resource (324, 4 pages)</subfield></datafield><datafield ind1=" " ind2=" " tag="336"><subfield code="a">text</subfield><subfield code="2">rdacontent</subfield></datafield><datafield ind1=" " ind2=" " tag="337"><subfield code="a">computer</subfield><subfield code="2">rdamedia</subfield></datafield><datafield ind1=" " ind2=" " tag="338"><subfield code="a">online resource</subfield><subfield code="2">rdacarrier</subfield></datafield><datafield ind1=" " ind2=" " tag="500"><subfield code="a">Part of the Arabic Collections Online (ACO) project, contributed by Columbia University Libraries.</subfield></datafield><datafield ind1=" " ind2=" " tag="533"><subfield code="a">Electronic reproduction.</subfield><subfield code="b">New York, N.Y. :</subfield><subfield code="c">New York University,</subfield><subfield code="d">2015.</subfield><subfield code="5">NNU</subfield></datafield><datafield ind1=" " ind2="0" tag="650"><subfield code="a">Arabic literature</subfield><subfield code="x">History and criticism.</subfield></datafield><datafield ind1=" " ind2="0" tag="650"><subfield code="a">Arabic language</subfield><subfield code="x">Style.</subfield></datafield><datafield ind1=" " ind2="7" tag="650"><subfield code="a">Arabic language</subfield><subfield code="x">Style.</subfield><subfield code="2">fast</subfield><subfield code="0">(OCoLC)fst00812437</subfield></datafield><datafield ind1=" " ind2="7" tag="650"><subfield code="a">Arabic literature.</subfield><subfield code="2">fast</subfield><subfield code="0">(OCoLC)fst00812478</subfield></datafield><datafield ind1=" " ind2="7" tag="655"><subfield code="a">Criticism, interpretation, etc.</subfield><subfield code="2">fast</subfield><subfield code="0">(OCoLC)fst01411635</subfield></datafield><datafield ind1="1" ind2="2" tag="700"><subfield code="6">880-04</subfield><subfield code="a">Ibn Qutaybah, &#699;Abd Alla&#772;h ibn Muslim,</subfield><subfield code="d">828-889?</subfield><subfield code="t">Adab al-ka&#772;tib.</subfield></datafield><datafield ind1="2" ind2=" " tag="710"><subfield code="a">Columbia University.</subfield><subfield code="b">Libraries.</subfield></datafield><datafield ind1="0" ind2=" " tag="730"><subfield code="a">Arabic Collections Online.</subfield></datafield><datafield ind1="0" ind2="8" tag="776"><subfield code="i">Online version:</subfield><subfield code="a">Ibn al-Athi&#772;r, D&#803;iya&#772;&#700; al-Di&#772;n Nas&#803;r Alla&#772;h ibn Muh&#803;ammad, 1163-1239.</subfield><subfield code="t">Mathal al-sa&#772;&#700;ir fi&#772; adab al-ka&#772;tib wa-al-sha&#772;&#699;ir.</subfield><subfield code="d">Mis&#803;r [Cairo] : Al-Mat&#803;ba&#699;ah al-Bahi&#772;yah, 1312 [1894]</subfield><subfield code="w">(OCoLC)582664315</subfield></datafield><datafield ind1="0" ind2="8" tag="776"><subfield code="i">Print version:</subfield><subfield code="a">Ibn al-Athi&#772;r, D&#803;iya&#772;&#700; al-Di&#772;n Nas&#803;r Alla&#772;h ibn Muh&#803;ammad, 1163-1239.</subfield><subfield code="t">al-Mathal al-sa&#772;&#700;ir fi&#772; adab al-ka&#772;tib wa-al-sha&#772;&#699;ir</subfield><subfield code="w">(NNC)3074010</subfield><subfield code="w">(OCoLC)23961428</subfield></datafield><datafield ind1="4" ind2="0" tag="856"><subfield code="u">http://hdl.handle.net/2333.1/kd51c7rq</subfield></datafield><datafield ind1="1" ind2=" " tag="880"><subfield code="6">100-01/r</subfield><subfield code="a">&#1575;&#1576;&#1606; &#1575;&#1604;&#1571;&#1579;&#1610;&#1585;&#1548; &#1590;&#1610;&#1575;&#1569; &#1575;&#1604;&#1583;&#1610;&#1606; &#1606;&#1589;&#1585; &#1575;&#1604;&#1604;&#1607; &#1576;&#1606; &#1605;&#1581;&#1605;&#1583;&#1548;,</subfield><subfield code="d">1239-1163.</subfield></datafield><datafield ind1="1" ind2="2" tag="880"><subfield code="6">245-02/r</subfield><subfield code="a">&#1575;&#1604;&#1605;&#1579;&#1604; &#1575;&#1604;&#1587;&#1575;&#1574;&#1585; &#1601;&#1610; &#1571;&#1583;&#1576; &#1575;&#1604;&#1603;&#1575;&#1578;&#1576; &#1608;&#1575;&#1604;&#1588;&#1575;&#1593;&#1585; /</subfield><subfield code="c">&#1604;&#1590;&#1610;&#1575;&#1569; &#1575;&#1604;&#1583;&#1610;&#1606; &#1571;&#1576;&#1610; &#1575;&#1604;&#1601;&#1578;&#1581; &#1606;&#1589;&#1585; &#1575;&#1604;&#1604;&#1607; &#1605;&#1581;&#1605;&#1583; &#1576;&#1606; &#1605;&#1581;&#1605;&#1583; &#1575;&#1576;&#1606; &#1593;&#1576;&#1583;&#1575;&#1604;&#1603;&#1585;&#1610;&#1605; &#1575;&#1604;&#1605;&#1608;&#1589;&#1604;&#1610; &#1575;&#1604;&#1588;&#1575;&#1601;&#1593;&#1610;. &#1608;&#1576;&#1607;&#1575;&#1605;&#1588;&#1607; &#1603;&#1578;&#1575;&#1576; &#1571;&#1583;&#1576; &#1575;&#1604;&#1603;&#1575;&#1578;&#1576; / &#1578;&#1571;&#1604;&#1610;&#1601; &#1571;&#1576;&#1610; &#1605;&#1581;&#1605;&#1583; &#1593;&#1576;&#1583;&#1575;&#1604;&#1604;&#1607; &#1576;&#1606; &#1605;&#1587;&#1604;&#1605; &#1575;&#1576;&#1606; &#1602;&#1578;&#1610;&#1576;&#1607; &#1575;&#1604;&#1583;&#1610;&#1606;&#1608;&#1585;&#1610;.</subfield></datafield><datafield ind1=" " ind2=" " tag="880"><subfield code="6">260-03/r</subfield><subfield code="a">[&#1575;&#1604;&#1602;&#1575;&#1607;&#1585;&#1577;] :</subfield><subfield code="b">&#1575;&#1604;&#1605;&#1591;&#1576;&#1593;&#1577; &#1575;&#1604;&#1576;&#1607;&#1610;&#1577;&#1548;</subfield><subfield code="c">[1894] 1312.</subfield></datafield><datafield ind1="1" ind2=" " tag="880"><subfield code="6">700-04/r</subfield><subfield code="a">&#1575;&#1576;&#1606; &#1602;&#1578;&#1610;&#1576;&#1577;&#1548; &#1593;&#1576;&#1583;&#1575;&#1604;&#1604;&#1607; &#1576;&#1606; &#1605;&#1587;&#1604;&#1605;&#1548;,</subfield><subfield code="d">889?-828.</subfield><subfield code="t">&#1571;&#1583;&#1576; &#1575;&#1604;&#1603;&#1575;&#1578;&#1576;.</subfield></datafield><datafield ind1=" " ind2=" " tag="959"><subfield code="a">NNU</subfield><subfield code="b">WEB</subfield><subfield code="c">GENI</subfield><subfield code="t">0</subfield><subfield code="m">Electronic access</subfield><subfield code="s">01</subfield></datafield><datafield ind1=" " ind2=" " tag="999"><subfield code="i">NNC_3074010</subfield><subfield code="o">(OCoLC)ocm23961428 </subfield><subfield code="s">columbia_aco000540</subfield></datafield></record>